<record><leader>00000cas a22000007a 4500</leader><controlfield tag="001">20703184</controlfield><controlfield tag="008">891128d19681969mduwr ne      0    0eng d</controlfield><datafield ind1=" " ind2=" " tag="010"><subfield code="a">sn 89060317 </subfield></datafield><datafield ind1=" " ind2=" " tag="040"><subfield code="a">MFN</subfield><subfield code="b">eng</subfield><subfield code="c">MFN</subfield><subfield code="d">OCLCQ</subfield></datafield><datafield ind1=" " ind2=" " tag="042"><subfield code="a">msc</subfield></datafield><datafield ind1="0" ind2="4" tag="245"><subfield code="a">The Glen Burnie times and Anne Arundel County star.</subfield></datafield><datafield ind1="3" ind2="0" tag="246"><subfield code="a">Glen Burnie times</subfield></datafield><datafield ind1=" " ind2=" " tag="260"><subfield code="a">Glen Burnie, Md. :</subfield><subfield code="b">Stromberg Pub.</subfield></datafield><datafield ind1=" " ind2=" " tag="300"><subfield code="a">v.</subfield></datafield><datafield ind1=" " ind2=" " tag="310"><subfield code="a">Weekly</subfield></datafield><datafield ind1="0" ind2=" " tag="362"><subfield code="a">Vol. 16, no. 26 (Apr. 4, 1968)-v. 18, no. 37, (June 26, 1969).</subfield></datafield><datafield ind1=" " ind2=" " tag="500"><subfield code="a">Published as: Glen Burnie times, June 5 and June 26, 1969.</subfield></datafield><datafield ind1=" " ind2=" " tag="752"><subfield code="a">United States</subfield><subfield code="b">Maryland</subfield><subfield code="c">Anne Arundel</subfield><subfield code="d">Glen Burnie.</subfield></datafield><datafield ind1="0" ind2="0" tag="780"><subfield code="t">Anne Arundel County star</subfield><subfield code="w">(DLC)sn 89060314</subfield></datafield><datafield ind1="0" ind2="6" tag="785"><subfield code="t">Anne Arundel times and Anne Arundel County star (Glen Burnie, Md. : Glen Burnie times ed.)</subfield><subfield code="w">(DLC)sn 89060348</subfield></datafield><datafield ind1="0" ind2="6" tag="785"><subfield code="t">Anne Arundel times and Anne Arundel County star (Glen Burnie, Md. : Annapolis times ed.)</subfield></datafield></record>